@article{thomas2019kpconv,
      title={KPConv: Flexible and Deformable Convolution for Point Clouds}, 
      author={Hugues Thomas and Charles R. Qi and Jean-Emmanuel Deschaud and Beatriz Marcotegui and Fran√ßois Goulette and Leonidas J. Guibas},
      year={2019},
      eprint={1904.08889},
      archivePrefix={arXiv},
      primaryClass={cs.CV}
}

@misc{su2018splatnet,
      title={SPLATNet: Sparse Lattice Networks for Point Cloud Processing}, 
      author={Hang Su and Varun Jampani and Deqing Sun and Subhransu Maji and Evangelos Kalogerakis and Ming-Hsuan Yang and Jan Kautz},
      year={2018},
      eprint={1802.08275},
      archivePrefix={arXiv},
      primaryClass={cs.CV}
}

@misc{li2018pointcnn,
      title={PointCNN: Convolution On $\mathcal{X}$-Transformed Points}, 
      author={Yangyan Li and Rui Bu and Mingchao Sun and Wei Wu and Xinhan Di and Baoquan Chen},
      year={2018},
      eprint={1801.07791},
      archivePrefix={arXiv},
      primaryClass={cs.CV}
}

@misc{kalogerakis20173d,
      title={3D Shape Segmentation with Projective Convolutional Networks}, 
      author={Evangelos Kalogerakis and Melinos Averkiou and Subhransu Maji and Siddhartha Chaudhuri},
      year={2017},
      eprint={1612.02808},
      archivePrefix={arXiv},
      primaryClass={cs.CV}
}

@misc{lyu2020learning,
      title={Learning to Segment 3D Point Clouds in 2D Image Space}, 
      author={Yecheng Lyu and Xinming Huang and Ziming Zhang},
      year={2020},
      eprint={2003.05593},
      archivePrefix={arXiv},
      primaryClass={cs.CV}
}

@article{Kalogerakis_mesh_seg,
    author = {Kalogerakis, Evangelos and Hertzmann, Aaron and Singh, Karan},
    title = {Learning 3D Mesh Segmentation and Labeling},
    year = {2010},
    issue_date = {July 2010},
    publisher = {Association for Computing Machinery},
    address = {New York, NY, USA},
    volume = {29},
    number = {4},
    issn = {0730-0301},
    url = {https://doi.org/10.1145/1778765.1778839},
    doi = {10.1145/1778765.1778839},
    month = jul,
    articleno = {102},
    numpages = {12}
}